<?xml version="1.0" encoding="UTF-8"?><collection xmlns="http://www.loc.gov/MARC21/slim"><record><leader>00414nam--2200133-i-4500</leader><controlfield tag="001">000010549</controlfield><controlfield tag="002">20161230</controlfield><controlfield tag="005">20161230201028</controlfield><controlfield tag="008">060222s1000------------r-----000-0-eng-d</controlfield><datafield ind1=" " ind2=" " tag="080"><subfield code="a">015:537.311:541.13</subfield></datafield><datafield ind1=" " ind2=" " tag="100"><subfield code="a">Barret, Serge</subfield></datafield><datafield ind1=" " ind2=" " tag="245"><subfield code="a">Application de l electrodialyse a l etude de la conductivilite electrique de l eau et du methanol. these</subfield></datafield><datafield ind1=" " ind2=" " tag="260"><subfield code="a">Grenoble, Faculte De Sciences, 1966 35 P</subfield></datafield><datafield ind1=" " ind2=" " tag="852"><subfield code="a">37907</subfield></datafield></record></collection>